% Encoding: UTF-8

@Misc{matlabrscale,
  title   = {Inverted Pendulum: State-Space Methods for Controller Design},
  journal = {Control Tutorials for MATLAB and Simulink - Inverted Pendulum: State-Space Methods for Controller Design},
  url     = {https://ctms.engin.umich.edu/CTMS/index.php?example=InvertedPendulumÂ§ion=ControlStateSpace#6},
}

@Book{milstd1797a,
  publisher = {DEPARTMENT OF DEFENSE},
  title     = {MIL-STD-1797A: FLYING QUALITIESOFPILOTED AIRCRAFT},
  year      = {1997},
}

@Comment{jabref-meta: databaseType:bibtex;}
